<?xml version = "1.0" encoding = "UTF-8"?>
<x_server_response metalib_version="4.3.1 (602)">
<present_response>
<record xmlns="http://www.loc.gov/MARC21/slim"
xmlns:xsi="http://www.w3.org/2001/XMLSchema-instance"
xsi:schemaLocation="http://www.loc.gov/MARC21/slim
http://www.loc.gov/standards/marcxml/schema/MARC21slim.xsd">
<controlfield tag="001">ED503468</controlfield>
<datafield tag="245" ind1="1" ind2="0">
<subfield code="a">On the Relationship between Morphology Knowledge and Quality of Translation</subfield>
</datafield>
<datafield tag="520" ind1=" " ind2=" ">
<subfield code="a">The present study intended to investigate whether there is any relationship between morphological knowledge and quality of legal text translation from English to Persian and to what extent do Iranian M.A students of translation use morphological knowledge to guess the meaning of words when translating legal texts from English to Persian. To fulfill the purpose, a descriptive research was conducted on 30 Iranian M.A. students of translation. At the first step subjects received a morphology test in multiple choice format with 40 items selected from &quot;Word Power Made Easy&quot; by Norman Lewis. The time allowed to answer was 40 minutes. Next, a legal text including 4 paragraphs distributed to subjects. They translated the text from English to Persian. There were 30 underlined words for which the subjects were asked to find equivalent in Persian without using any dictionary and had to mention how they guessed the meaning through a think aloud questionnaire. The scores of morphology and translation tests were computed and the correlation between them was measured. The Results of the study showed that two variables, Morphology knowledge and quality of legal texts translation are correlated and their correlation is significant at the level of 0.001. According to results of the research, there is a significant relationship between morphology knowledge and quality of legal texts translation. Therefore it is possible to improve quality of translation of legal texts improving morphology knowledge of legal translators. Three appendixes are included: (1) Raw Scores; (2) Morphology Knowledge Test; and (3) Test of Legal Translation. (Contains 6 figures and 5 tables.)</subfield>
</datafield>
<datafield tag="546" ind1=" " ind2=" ">
<subfield code="a">English</subfield>
</datafield>
<controlfield tag="LDR">^^^^^naa^^2200181^^^4500</controlfield>
<controlfield tag="005">^^</controlfield>
<controlfield tag="008">200811e20081101xxu####e###j########eng#d</controlfield>
<datafield tag="016" ind1=" " ind2=" ">
<subfield code="a">ED503468</subfield>
</datafield>
<datafield tag="037" ind1=" " ind2=" ">
<subfield code="a">Available online</subfield>
</datafield>
<datafield tag="072" ind1=" " ind2=" ">
<subfield code="a">Reports - Research</subfield>
<subfield code="a">Tests/Questionnaires</subfield>
</datafield>
<datafield tag="100" ind1="1" ind2="0">
<subfield code="a">Arbabi Aski, Mohammadreza</subfield>
</datafield>
<datafield tag="773" ind1=" " ind2=" ">
<subfield code="t">Online Submission</subfield>
<subfield code="p">131</subfield>
</datafield>
<datafield tag="903" ind1=" " ind2=" ">
<subfield code="t">20081101</subfield>
</datafield>
<datafield tag="945" ind1=" " ind2=" ">
<subfield code="d">20081101</subfield>
<subfield code="p">131</subfield>
</datafield>
<datafield tag="SID" ind1=" " ind2=" ">
<subfield code="a">Z39</subfield>
<subfield code="b">EBSCO_ERIC</subfield>
<subfield code="d">CAL00098</subfield>
<subfield code="i">556882</subfield>
<subfield code="j">000005</subfield>
<subfield code="s">033123</subfield>
<subfield code="t">ERIC (EBSCO)</subfield>
</datafield>
<controlfield tag="RAN">007</controlfield>
<datafield tag="YR " ind1=" " ind2=" ">
<subfield code="a">2008</subfield>
</datafield>
<datafield tag="ERI" ind1="C" ind2=" ">
<subfield code="a">ED503468</subfield>
</datafield>
<controlfield tag="SET">033123</controlfield>
<controlfield tag="SYS">009725105</controlfield>
<openURL>
<ctx:context-objects xmlns:ctx="info:ofi/fmt:xml:xsd:ctx" xmlns:xsi="http://www.w3.org/2001/XMLSchema-instance" xsi:schemaLocation="info:ofi/fmt:xml:xsd:ctx http://www.openurl.info/registry/docs/info:ofi/fmt:xml:xsd:ctx">
<ctx:context-object timestamp="2004-01-16T12:13:00Z" version="Z39.88-2004" identifier="123">
<ctx:referent>
<ctx:metadata-by-val>
<ctx:format>info:ofi/fmt:xml:xsd</ctx:format>
<ctx:metadata>
<rft:journal xmlns:rft="info:ofi/fmt:xml:xsd" xsi:schemaLocation="info:ofi/fmt:xml:xsd          http://www.openurl.info/registry/docs/info:ofi/fmt:xml:xsd">
<rft:author rank="1">
<rft:aulast>Arbabi Aski</rft:aulast>
<rft:aufirst> Mohammadreza</rft:aufirst>
<rft:auinit></rft:auinit>
</rft:author>
<rft:atitle>On the Relationship between Morphology Knowledge and Quality of Translation</rft:atitle>
<rft:title>Online Submission</rft:title>
<rft:date>2008</rft:date>
<rft:volume></rft:volume>
<rft:issue>line</rft:issue>
<rft:spage></rft:spage>
<rft:epage></rft:epage>
<rft:issn></rft:issn>
<ctx:identifier>info:doi/</ctx:identifier>
<rft:sici></rft:sici>
<rft:opid></rft:opid>
</rft:journal>
</ctx:metadata>
</ctx:metadata-by-val>
<ctx:metadata-by-ref>
<ctx:format></ctx:format>
<ctx:location>http://metalib.calstate.edu:8331/X?OP=sfx-get-doc&amp;doc-number=009725105</ctx:location>
</ctx:metadata-by-ref>
</ctx:referent>
<ctx:referrer>
<ctx:identifier>info:sid/metalib.com:EBSCO_ERIC</ctx:identifier>
</ctx:referrer>
</ctx:context-object>
</ctx:context-objects>
</openURL>
</record>
<session_id new_session="N">MNE25CBJLCXXGV9FH1KBLH7SETV859IJMIK2VKTQJ3Y43DU7I7</session_id>
</present_response>
</x_server_response>
 